%% This BibTeX bibliography file was created using BibDesk.
%% https://bibdesk.sourceforge.io/

%% Created for 김영근 at 2019-03-03 14:55:26 +0900 


%% Saved with string encoding Unicode (UTF-8) 



@book{Montgomery:2015aa,
	Author = {Douglas C. Montgomery and Elizabeth A. Peck and G. Geoffrey Vining},
	Date-Added = {2019-03-03 14:55:18 +0900},
	Date-Modified = {2019-03-03 14:55:18 +0900},
	Isbn = {1119180171},
	Month = {Jun},
	Publisher = {John Wiley \& Sons},
	Title = {Introduction to Linear Regression Analysis},
	Year = {2015}}

@book{xie2015,
	Address = {Boca Raton, Florida},
	Author = {Yihui Xie},
	Edition = {2nd},
	Note = {ISBN 978-1498716963},
	Publisher = {Chapman and Hall/CRC},
	Title = {Dynamic Documents with {R} and knitr},
	Url = {http://yihui.name/knitr/},
	Year = {2015},
	Bdsk-Url-1 = {http://yihui.name/knitr/}}
