@manual{rbase,
	Address = {Vienna, Austria},
	Author = {{R Core Team}},
	Organization = {R Foundation for Statistical Computing},
	Title = {R: A Language and Environment for Statistical Computing},
	Url = {https://www.R-project.org/},
	Year = {2019}}

@manual{rbookdown,
	Author = {Yihui Xie},
	Note = {R package version 0.10},
	Title = {bookdown: Authoring Books and Technical Documents with R Markdown},
	Url = {https://CRAN.R-project.org/package=bookdown},
	Year = {2019}}

@manual{rdatatable,
	Author = {Matt Dowle and Arun Srinivasan},
	Note = {R package version 1.12.2},
	Title = {data.table: Extension of `data.frame`},
	Url = {https://CRAN.R-project.org/package=data.table},
	Year = {2019}}

@Manual{rforeach,
  title = {foreach: Provides Foreach Looping Construct},
  author = {{Revolution Analytics} and Steve Weston}},
  year = {2020},
  note = {R package version 1.5.1},
  url = {https://github.com/RevolutionAnalytics/foreach},
}

@manual{rknitr,
	Author = {Yihui Xie},
	Note = {R package version 1.23},
	Title = {knitr: A General-Purpose Package for Dynamic Report Generation in R},
	Url = {https://CRAN.R-project.org/package=knitr},
	Year = {2019}}

@manual{rmodelr,
	Author = {Hadley Wickham},
	Note = {R package version 0.1.4},
	Title = {modelr: Modelling Functions that Work with the Pipe},
	Url = {https://CRAN.R-project.org/package=modelr},
	Year = {2019}}

@manual{rrmarkdown,
	Author = {JJ Allaire and Yihui Xie and Jonathan McPherson and Javier Luraschi and Kevin Ushey and Aron Atkins and Hadley Wickham and Joe Cheng and Winston Chang and Richard Iannone},
	Note = {R package version 1.12},
	Title = {rmarkdown: Dynamic Documents for R},
	Url = {https://CRAN.R-project.org/package=rmarkdown},
	Year = {2019}}

@manual{rtidyverse,
	Author = {Hadley Wickham},
	Note = {R package version 1.2.1},
	Title = {tidyverse: Easily Install and Load the 'Tidyverse'},
	Url = {https://CRAN.R-project.org/package=tidyverse},
	Year = {2017}}
